<record><leader>00000cas a22000007a 4500</leader><controlfield tag="001">38023179</controlfield><controlfield tag="008">971202d19721987meuwr ne      0    0eng d</controlfield><datafield ind1=" " ind2=" " tag="010"><subfield code="a">sn 97062788 </subfield></datafield><datafield ind1=" " ind2=" " tag="040"><subfield code="a">MBN</subfield><subfield code="b">eng</subfield><subfield code="c">MBN</subfield><subfield code="d">OCLCQ</subfield><subfield code="d">OCLCF</subfield><subfield code="d">OCLCO</subfield></datafield><datafield ind1="1" ind2=" " tag="029"><subfield code="a">AU@</subfield><subfield code="b">000013651697</subfield></datafield><datafield ind1=" " ind2=" " tag="042"><subfield code="a">msc</subfield></datafield><datafield ind1=" " ind2=" " tag="043"><subfield code="a">n-us-me</subfield></datafield><datafield ind1="0" ind2=" " tag="130"><subfield code="a">Valley times (Pittsfield, Me.)</subfield></datafield><datafield ind1="1" ind2="4" tag="245"><subfield code="a">The valley times.</subfield></datafield><datafield ind1=" " ind2=" " tag="260"><subfield code="a">Pittsfield, Me. :</subfield><subfield code="b">Charles B. Haskell</subfield></datafield><datafield ind1=" " ind2=" " tag="300"><subfield code="a">v.</subfield></datafield><datafield ind1=" " ind2=" " tag="310"><subfield code="a">Weekly</subfield></datafield><datafield ind1="0" ind2=" " tag="362"><subfield code="a">Vol. 90, no. 32 (Aug. 10, 1972)-v. 105, no. 10 (Mar. 18, 1987).</subfield></datafield><datafield ind1=" " ind2="0" tag="651"><subfield code="a">Pittsfield (Me.)</subfield><subfield code="v">Newspapers.</subfield></datafield><datafield ind1=" " ind2="7" tag="655"><subfield code="a">Newspapers.</subfield><subfield code="2">fast</subfield><subfield code="0">(OCoLC)fst01423814</subfield></datafield><datafield ind1=" " ind2="7" tag="651"><subfield code="a">Maine</subfield><subfield code="z">Pittsfield.</subfield><subfield code="2">fast</subfield><subfield code="0">(OCoLC)fst01220914</subfield></datafield><datafield ind1=" " ind2=" " tag="752"><subfield code="a">United States</subfield><subfield code="b">Maine</subfield><subfield code="c">Somerset</subfield><subfield code="d">Pittsfield.</subfield></datafield><datafield ind1="0" ind2="0" tag="780"><subfield code="t">Valley times and the Pittsfield advertiser</subfield></datafield></record>